@UNPUBLISHED{Sunday2012,
author = {Sunday, D.},
title = {Inclusion of a Point in a Polygon},
number = {2012},
note={\url{http://geomalgorithms.com/a03-_inclusion.html}}
}

@UNPUBLISHED{Three2015,
author = {Cabello, R.},
title = {Three.js},
note={\url{https://github.com/mrdoob/three.js}}

@UNPUBLISHED{TinyObjLoader2015,
author = {Fujita, S.},
title = {TinyObjLoader},
note={\url{https://github.com/syoyo/tinyobjloader}}

@UNPUBLISHED{GLM2015,
author = {G-Truc Creation},
year = {2015},
title = {OpenGL Mathematics (GLM)},
note={\url{http://glm.g-truc.net/0.9.7/index.html}
}

@UNPUBLISHED{salome,
author = {Open Cascade},
year = {2015},
title = {Salome: The Open Source Integration Platform for Numerical Simulation},
note={\url{http://www.salome-platform.org/}
}

@UNPUBLISHED{solidworks,
author = {Dassault Syst√®mes SOLIDWORKS Corp.},
year = {2015},
title = {SolidWorks Design Software for 3D Product Design.},
note={\url{http://www.solidworks.com/sw/products/3d-cad/solutions.htm}
}


@Article{gmesh,
  title =	"Gmsh: a three-dimensional finite element mesh generator with built-in pre- and post-processing facilities",
  author =	"C. Geuzaine and J.F. Remacle",
  journal =	"International Journal for Numerical Methods in Engineering",
  year = 	"2009",
  number =	"79",
  pages =	"1309-1331",
}

@misc{wiki,
  author = {{Point in Polygon}},
  title = "Point in Polygon --- {W}ikipedia{,} The Free Encyclopedia",
  year = "2015",
  url = "https://en.wikipedia.org/wiki/Point_in_polygon",
  note = "[Online; accessed 1-August-2015]"
}


@misc{wolfram,
  author = {{Point-Plane Distance}},
  title = "Point-Plane Distance --- Wolfram MathWorld",
  url = "http://mathworld.wolfram.com/Point-PlaneDistance.html",
  note = "[Online; accessed 1-August-2015]"
}

@Article{Verlet67,
  title =	"Computer experiments on classical fluids I.Thermodynamical properties of Lennard-Jones molecules",
  author =	"L. Verlet",
  journal =	"Phys. Rev.",
  year = 	"1967",
  number =	"159",
  pages =	"98-103",
}

@Article{Negrut07,
  title =	"On an Implementation of the Hilber-Hughes-Taylor Method in the Context of Index 3 Differential-Algebraic Equations of Multibody Dynamics",
  author =	"D. Negrut and R. Rampalli and G. Ottarsson and A. Sajdak",
  journal =	"J. Computational and Nonlinear Dynamics",
  year = 	"2007",
  number =	"2",
  pages =	"73-82",
}

